@article{sangDealingWithBigData,
  title={Dealing with big data: The case of Twitter},
  author={Sang, Erik Tjong Kim and van den Bosch, Antal},
  journal={Computational Linguistics in the Netherlands Journal},
  volume={3},
  number={121-134},
  pages={2013},
  year={2013}
}

@article{souzaTwitterBasedTVRatingSystem,
  title={Twitter based TV rating system},
  author={D'Souza, Ankit and Bathla, Rishabh and Giri, Nupur},
  year={2013},
  publisher={IET}
}

@article{haMapReduceFunctionsToAnalyzeSentiment,
  title={MapReduce Functions to Analyze Sentiment Information from Social Big Data},
  author={Ha, Ilkyu and Back, Bonghyun and Ahn, Byoungchul},
  journal={International Journal of Distributed Sensor Networks},
  volume={501},
  pages={417502},
  year={2015},
  publisher={Hindawi Publishing Corporation}
}

@inproceedings{adnanAnalysisOfTwitterUsageInLondon,
  title={Analysis of Twitter Usage in London, Paris, and New York City},
  author={Adnan, Muhammad and Longley, Paul},
  booktitle={16th AGILE international conference on geographic information science, Leuven},
  pages={1--7},
  year={2013}
}

@inproceedings{duCombinedAnalysisOfNewsAndTwitterMessages,
  title={Combined analysis of news and Twitter messages},
  author={Du, Mian and Kangasharju, Jussi and Karkulahti, Ossi and Pivovarova, Lidia and Yangarber, Roman and others},
  booktitle={Proceedings of the Joint Workshop on NLP\&LOD and SWAIE SemanticWeb, Linked Open Data and Information Extraction},
  year={2013}
}

@article{learyModelingRetweetingBehaviorAsAGame,
  title={Modeling retweeting behavior as a game: comparison to empirical results},
  author={Oâ€™Leary, Daniel E},
  journal={International Journal of Human-Computer Studies},
  volume={88},
  pages={1--12},
  year={2016},
  publisher={Elsevier}
}